<?xml version="1.0" encoding="UTF-8"?><collection xmlns="http://www.loc.gov/MARC21/slim"><record><leader>00435nam--2200145-i-4500</leader><controlfield tag="001">000018025</controlfield><controlfield tag="002">20161230</controlfield><controlfield tag="005">20161230201032</controlfield><controlfield tag="008">060222s1000------------r-----000-0-eng-d</controlfield><datafield ind1=" " ind2=" " tag="080"><subfield code="a">53.08</subfield></datafield><datafield ind1=" " ind2=" " tag="100"><subfield code="a">Flugge, Johannes</subfield></datafield><datafield ind1=" " ind2=" " tag="245"><subfield code="a">Das photographische objectiv</subfield></datafield><datafield ind1=" " ind2=" " tag="260"><subfield code="a">Wien, Springer-verlag, 1955. Xiii + 373 P. Mit 196 Teils Farbigen Textabbildungen</subfield></datafield><datafield ind1=" " ind2=" " tag="490"><subfield code="a">Die Wissenschaftliche Und Angewandte Photographie</subfield></datafield><datafield ind1=" " ind2=" " tag="852"><subfield code="a">11800</subfield></datafield></record></collection>